<?xml version="1.0" encoding="UTF-8"?><collection xmlns="http://www.loc.gov/MARC21/slim"><record><leader>00499nam--2200145-i-4500</leader><controlfield tag="001">000010370</controlfield><controlfield tag="002">20161230</controlfield><controlfield tag="005">20161230201028</controlfield><controlfield tag="008">060222s1000------------r-----000-0-eng-d</controlfield><datafield ind1=" " ind2=" " tag="080"><subfield code="a">621.039.73.14</subfield></datafield><datafield ind1=" " ind2=" " tag="100"><subfield code="a">Adam, C., Korner, W.Und Richter, D</subfield></datafield><datafield ind1=" " ind2=" " tag="245"><subfield code="a">Moglichkeiten des versenkens flussiger radio- aktiver abfalle in gesteinschichten des tie- feren untergrundes auf dem territorium der ddr</subfield></datafield><datafield ind1=" " ind2=" " tag="260"><subfield code="a">Berlin, Staatliche Zentrale Fur Strahlenschutz 1972 14 P</subfield></datafield><datafield ind1=" " ind2=" " tag="490"><subfield code="a">140</subfield></datafield><datafield ind1=" " ind2=" " tag="852"><subfield code="a">17553</subfield></datafield></record></collection>